[gd_scene load_steps=7 format=2]

[ext_resource path="res://data/sprites/animated/cactus_death/1.png" type="Texture" id=1]
[ext_resource path="res://data/sprites/animated/cactus_death/0.png" type="Texture" id=2]
[ext_resource path="res://data/sprites/animated/cactus_death/2.png" type="Texture" id=3]
[ext_resource path="res://data/sprites/animated/cactus_death/3.png" type="Texture" id=4]
[ext_resource path="res://data/scripts/EndCactusDeath.gd" type="Script" id=5]

[sub_resource type="SpriteFrames" id=1]
animations = [ {
"frames": [ ExtResource( 2 ), ExtResource( 2 ), ExtResource( 1 ), ExtResource( 1 ), ExtResource( 3 ), ExtResource( 3 ), ExtResource( 4 ), ExtResource( 4 ) ],
"loop": true,
"name": "default",
"speed": 5.0
} ]

[node name="ViewportContainer" type="ViewportContainer"]
anchor_right = 1.0
anchor_bottom = 1.0
margin_right = 840.0
margin_bottom = 480.0
stretch = true
stretch_shrink = 10
__meta__ = {
"_edit_use_anchors_": false
}

[node name="Viewport" type="Viewport" parent="."]
size = Vector2( 168, 96 )
size_override_stretch = true
own_world = true
handle_input_locally = false
render_target_update_mode = 3

[node name="CactusDeath" type="Node2D" parent="Viewport"]

[node name="AnimatedSprite" type="AnimatedSprite" parent="Viewport/CactusDeath"]
frames = SubResource( 1 )
frame = 2
playing = true
centered = false
script = ExtResource( 5 )
[connection signal="animation_finished" from="Viewport/CactusDeath/AnimatedSprite" to="Viewport/CactusDeath/AnimatedSprite" method="end"]
