[gd_scene load_steps=8 format=2]

[ext_resource path="res://data/sprites/animated/enemy/1.png" type="Texture" id=1]
[ext_resource path="res://data/sprites/animated/enemy/0.png" type="Texture" id=2]
[ext_resource path="res://data/scripts/Enemy.gd" type="Script" id=3]
[ext_resource path="res://data/scripts/EnemyDie.gd" type="Script" id=4]

[sub_resource type="SpriteFrames" id=1]
animations = [ {
"frames": [ ExtResource( 2 ), ExtResource( 1 ) ],
"loop": true,
"name": "default",
"speed": 5.0
} ]

[sub_resource type="RectangleShape2D" id=2]
extents = Vector2( 2, 3 )

[sub_resource type="RectangleShape2D" id=3]
extents = Vector2( 4, 5 )

[node name="Enemy" type="Node2D"]
script = ExtResource( 4 )

[node name="Path2D" type="Path2D" parent="."]
curve = null

[node name="PathFollow2D" type="PathFollow2D" parent="Path2D"]
rotate = false
cubic_interp = false

[node name="EnemyNode" type="Node2D" parent="Path2D/PathFollow2D"]

[node name="KinematicNode" type="KinematicBody2D" parent="Path2D/PathFollow2D/EnemyNode" groups=[
"Default",
"Hurts",
]]
collision_layer = 4
script = ExtResource( 3 )

[node name="AnimatedSprite" type="AnimatedSprite" parent="Path2D/PathFollow2D/EnemyNode/KinematicNode" groups=[
"Default",
"Hurts",
]]
frames = SubResource( 1 )
frame = 1
playing = true

[node name="CollisionShape2D" type="CollisionShape2D" parent="Path2D/PathFollow2D/EnemyNode/KinematicNode" groups=[
"Default",
"Hurts",
]]
visible = false
shape = SubResource( 2 )

[node name="Area2D" type="Area2D" parent="Path2D/PathFollow2D/EnemyNode"]
collision_mask = 2

[node name="CollisionShape2D" type="CollisionShape2D" parent="Path2D/PathFollow2D/EnemyNode/Area2D"]
shape = SubResource( 3 )
[connection signal="body_entered" from="Path2D/PathFollow2D/EnemyNode/Area2D" to="." method="object_entered"]
