[gd_scene load_steps=36 format=2]

[ext_resource path="res://data/scenes/Player.tscn" type="PackedScene" id=1]
[ext_resource path="res://data/sprites/floor2.png" type="Texture" id=2]
[ext_resource path="res://data/scenes/CactusSmall5.tscn" type="PackedScene" id=3]
[ext_resource path="res://data/scripts/Game.gd" type="Script" id=4]
[ext_resource path="res://data/scenes/CactusSmall1.tscn" type="PackedScene" id=5]
[ext_resource path="res://data/scenes/Platform.tscn" type="PackedScene" id=6]
[ext_resource path="res://data/scripts/WhitePlatforms.gd" type="Script" id=7]
[ext_resource path="res://data/scenes/CactusSmall2.tscn" type="PackedScene" id=8]
[ext_resource path="res://data/scenes/CactusSmall6.tscn" type="PackedScene" id=9]
[ext_resource path="res://data/scenes/CactusSmall3.tscn" type="PackedScene" id=10]
[ext_resource path="res://data/scripts/Main_Node.gd" type="Script" id=11]
[ext_resource path="res://data/scenes/Enemy.tscn" type="PackedScene" id=12]
[ext_resource path="res://data/scenes/CactusSmall4.tscn" type="PackedScene" id=13]
[ext_resource path="res://data/scenes/Spike.tscn" type="PackedScene" id=14]
[ext_resource path="res://data/scenes/SpikeSmall.tscn" type="PackedScene" id=15]
[ext_resource path="res://data/scenes/FireBoss.tscn" type="PackedScene" id=16]
[ext_resource path="res://data/scenes/GunBoss.tscn" type="PackedScene" id=17]
[ext_resource path="res://data/scenes/Button.tscn" type="PackedScene" id=18]
[ext_resource path="res://data/scenes/HpHat.tscn" type="PackedScene" id=19]
[ext_resource path="res://data/scenes/CactusBig.tscn" type="PackedScene" id=20]
[ext_resource path="res://data/sprites/bank.png" type="Texture" id=21]
[ext_resource path="res://data/scenes/DynamiteBoss.tscn" type="PackedScene" id=22]

[sub_resource type="RectangleShape2D" id=1]
extents = Vector2( 2500, 1.5 )

[sub_resource type="Curve2D" id=2]
_data = {
"points": PoolVector2Array( 0, 0, 0, 0, 2, 0, 0, 0, 0, 0, -18, 0, 0, 0, 0, 0, -46, 0, 0, 0, 0, 0, -78, 0, 0, 0, 0, 0, -104, 0, 0, 0, 0, 0, -149, 0, 0, 0, 0, 0, -156, 0, 0, 0, 0, 0, 2, 0, 0, 0, 0, 0, 3, 0 )
}

[sub_resource type="Curve2D" id=3]
_data = {
"points": PoolVector2Array( 0, 0, 0, 0, 0, 0, 0, 0, 0, 0, -8, 0, 0, 0, 0, 0, -11, 0, 0, 0, 0, 0, 0, 0 )
}

[sub_resource type="Curve2D" id=4]
_data = {
"points": PoolVector2Array( 0, 0, 0, 0, 0, 0, 0, 0, 0, 0, -33, 0, 0, 0, 0, 0, -58, 0, 0, 0, 0, 0, -62, 0, 0, 0, 0, 0, 0, 0 )
}

[sub_resource type="Curve2D" id=5]
_data = {
"points": PoolVector2Array( 0, 0, 0, 0, -1, 0, 0, 0, 0, 0, -7, 0, 0, 0, 0, 0, -23, 0, 0, 0, 0, 0, -43, 0, 0, 0, 0, 0, -68, 0, 0, 0, 0, 0, -75, 0, 0, 0, 0, 0, -1, 0 )
}

[sub_resource type="Curve2D" id=6]
_data = {
"points": PoolVector2Array( 0, 0, 0, 0, 0, 0, 0, 0, 0, 0, -14, 0, 0, 0, 0, 0, -37, 0, 0, 0, 0, 0, -44, 0, 0, 0, 0, 0, 0, 0 )
}

[sub_resource type="Curve2D" id=7]
_data = {
"points": PoolVector2Array( 0, 0, 0, 0, 0, 0, 0, 0, 0, 0, -14, 0, 0, 0, 0, 0, -31, 0, 0, 0, 0, 0, -38, 0, 0, 0, 0, 0, 0, 0 )
}

[sub_resource type="Curve2D" id=8]
_data = {
"points": PoolVector2Array( 0, 0, 0, 0, 0, 0, 0, 0, 0, 0, -29, 0, 0, 0, 0, 0, -54, 0, 0, 0, 0, 0, -63, 0, 0, 0, 0, 0, 0, 0 )
}

[sub_resource type="Curve2D" id=9]
_data = {
"points": PoolVector2Array( 0, 0, 0, 0, 0, 0, 0, 0, 0, 0, -9, 0, 0, 0, 0, 0, -19, 0, 0, 0, 0, 0, -32, 0, 0, 0, 0, 0, -40, 0, 0, 0, 0, 0, -46, 0, 0, 0, 0, 0, 0, 0 )
}

[sub_resource type="Curve2D" id=10]
_data = {
"points": PoolVector2Array( 0, 0, 0, 0, 0, 0, 0, 0, 0, 0, -13, 0, 0, 0, 0, 0, -31, 0, 0, 0, 0, 0, -37, 0, 0, 0, 0, 0, -45, 0, 0, 0, 0, 0, 0, 0 )
}

[sub_resource type="Curve2D" id=11]
_data = {
"points": PoolVector2Array( 0, 0, 0, 0, 0, 0, 0, 0, 0, 0, -25, 0, 0, 0, 0, 0, -34, 0, 0, 0, 0, 0, -43, 0, 0, 0, 0, 0, 0, 0 )
}

[sub_resource type="Curve2D" id=12]
_data = {
"points": PoolVector2Array( 0, 0, 0, 0, 0, 0, 0, 0, 0, 0, -13, 0, 0, 0, 0, 0, -30, 0, 0, 0, 0, 0, -39, 0, 0, 0, 0, 0, 0, 0 )
}

[sub_resource type="RectangleShape2D" id=13]
extents = Vector2( 7, 29.5 )

[node name="Node" type="Node2D"]
script = ExtResource( 4 )
__meta__ = {
"_edit_vertical_guides_": [  ]
}

[node name="Main Node" type="Control" parent="."]
anchor_left = 6.62894e-05
anchor_top = 0.000116007
anchor_right = 6.6294e-05
anchor_bottom = 0.000116007
margin_right = 84.0
margin_bottom = 48.0
rect_pivot_offset = Vector2( 8.5405, -0.154099 )
script = ExtResource( 11 )
__meta__ = {
"_edit_use_anchors_": false
}

[node name="Player" parent="Main Node" instance=ExtResource( 1 )]
position = Vector2( 12, 40 )

[node name="Background" type="ColorRect" parent="Main Node"]
anchor_left = 19.6539
anchor_top = -15.3449
anchor_right = 87.1911
anchor_bottom = -14.199
margin_left = -1782.0
margin_right = -2326.12
margin_bottom = 1445.0
color = Color( 0.780392, 0.941176, 0.847059, 1 )
__meta__ = {
"_edit_lock_": true,
"_edit_use_anchors_": true
}

[node name="Floor" type="StaticBody2D" parent="Main Node"]
position = Vector2( 0, 45 )

[node name="Floor" type="Sprite" parent="Main Node/Floor"]
z_index = 1
texture = ExtResource( 2 )
centered = false
region_enabled = true
region_rect = Rect2( 0, 0, 5000.02, 3 )

[node name="CollisionShape2D" type="CollisionShape2D" parent="Main Node/Floor"]
position = Vector2( 2500, 1.5 )
shape = SubResource( 1 )

[node name="InvisWalls" type="YSort" parent="Main Node"]
__meta__ = {
"_edit_lock_": true
}

[node name="IW_LEFT" parent="Main Node/InvisWalls" instance=ExtResource( 6 )]
visible = false
position = Vector2( -1, -25 )
width = 1
height = 100
isVisible = false

[node name="Platforms" type="YSort" parent="Main Node"]
__meta__ = {
"_edit_lock_": true
}

[node name="Platform" parent="Main Node/Platforms" instance=ExtResource( 6 )]
position = Vector2( 133, 38 )
width = 15

[node name="Platform2" parent="Main Node/Platforms" instance=ExtResource( 6 )]
position = Vector2( 161, 38 )
width = 15

[node name="Platform3" parent="Main Node/Platforms" instance=ExtResource( 6 )]
position = Vector2( 345, 15 )
width = 3
height = 30

[node name="Platform4" parent="Main Node/Platforms" instance=ExtResource( 6 )]
position = Vector2( 335, 36 )

[node name="Platform5" parent="Main Node/Platforms" instance=ExtResource( 6 )]
position = Vector2( 314, 25 )

[node name="Platform6" parent="Main Node/Platforms" instance=ExtResource( 6 )]
position = Vector2( 335, 15 )

[node name="Platform7" parent="Main Node/Platforms" instance=ExtResource( 6 )]
position = Vector2( 295, 17 )

[node name="Platform8" parent="Main Node/Platforms" instance=ExtResource( 6 )]
position = Vector2( 272, 10 )

[node name="Platform16" parent="Main Node/Platforms" instance=ExtResource( 6 )]
position = Vector2( 799, 25 )
width = 20

[node name="Platform17" parent="Main Node/Platforms" instance=ExtResource( 6 )]
position = Vector2( 827, 36 )
width = 59
height = 2

[node name="Platform9" parent="Main Node/Platforms" instance=ExtResource( 6 )]
position = Vector2( 592, -12 )
width = 3
height = 45

[node name="Platform14" parent="Main Node/Platforms" instance=ExtResource( 6 )]
position = Vector2( 590, -14 )
width = 2
height = 2

[node name="Platform15" parent="Main Node/Platforms" instance=ExtResource( 6 )]
position = Vector2( 588, -12 )
width = 2
height = 2

[node name="Platform18" parent="Main Node/Platforms" instance=ExtResource( 6 )]
position = Vector2( 586, -10 )
width = 2
height = 2

[node name="Platform19" parent="Main Node/Platforms" instance=ExtResource( 6 )]
position = Vector2( 592, -16 )
width = 2
height = 2

[node name="Platform20" parent="Main Node/Platforms" instance=ExtResource( 6 )]
position = Vector2( 592, -16 )
width = 2
height = 2

[node name="Platform21" parent="Main Node/Platforms" instance=ExtResource( 6 )]
position = Vector2( 594, -18 )
width = 2
height = 2

[node name="Platform22" parent="Main Node/Platforms" instance=ExtResource( 6 )]
position = Vector2( 596, -20 )
width = 2
height = 2

[node name="Platform23" parent="Main Node/Platforms" instance=ExtResource( 6 )]
position = Vector2( 598, -22 )
width = 2
height = 2

[node name="Platform24" parent="Main Node/Platforms" instance=ExtResource( 6 )]
position = Vector2( 600, -24 )
width = 2
height = 2

[node name="Platform25" parent="Main Node/Platforms" instance=ExtResource( 6 )]
position = Vector2( 602, -26 )
width = 2
height = 2

[node name="Platform26" parent="Main Node/Platforms" instance=ExtResource( 6 )]
position = Vector2( 604, -28 )
width = 2
height = 2

[node name="Platform27" parent="Main Node/Platforms" instance=ExtResource( 6 )]
position = Vector2( 606, -30 )
width = 2
height = 2

[node name="Platform28" parent="Main Node/Platforms" instance=ExtResource( 6 )]
position = Vector2( 662, -14 )
width = 2
height = 2

[node name="Platform29" parent="Main Node/Platforms" instance=ExtResource( 6 )]
position = Vector2( 664, -12 )
width = 2
height = 2

[node name="Platform30" parent="Main Node/Platforms" instance=ExtResource( 6 )]
position = Vector2( 666, -10 )
width = 2
height = 2

[node name="Platform36" parent="Main Node/Platforms" instance=ExtResource( 6 )]
position = Vector2( 682, 40 )
width = 1

[node name="Platform62" parent="Main Node/Platforms" instance=ExtResource( 6 )]
position = Vector2( 681, 41 )
width = 1

[node name="Platform63" parent="Main Node/Platforms" instance=ExtResource( 6 )]
position = Vector2( 680, 42 )
width = 1

[node name="Platform64" parent="Main Node/Platforms" instance=ExtResource( 6 )]
position = Vector2( 681, 43 )
width = 1

[node name="Platform65" parent="Main Node/Platforms" instance=ExtResource( 6 )]
position = Vector2( 682, 44 )
width = 1

[node name="Platform66" parent="Main Node/Platforms" instance=ExtResource( 6 )]
position = Vector2( 683, 43 )
width = 1

[node name="Platform67" parent="Main Node/Platforms" instance=ExtResource( 6 )]
position = Vector2( 684, 42 )
width = 1

[node name="Platform68" parent="Main Node/Platforms" instance=ExtResource( 6 )]
position = Vector2( 683, 41 )
width = 1

[node name="Platform69" parent="Main Node/Platforms" instance=ExtResource( 6 )]
position = Vector2( 698, 40 )
width = 1

[node name="Platform70" parent="Main Node/Platforms" instance=ExtResource( 6 )]
position = Vector2( 697, 41 )
width = 1

[node name="Platform71" parent="Main Node/Platforms" instance=ExtResource( 6 )]
position = Vector2( 696, 42 )
width = 1

[node name="Platform72" parent="Main Node/Platforms" instance=ExtResource( 6 )]
position = Vector2( 697, 43 )
width = 1

[node name="Platform73" parent="Main Node/Platforms" instance=ExtResource( 6 )]
position = Vector2( 698, 44 )
width = 1

[node name="Platform74" parent="Main Node/Platforms" instance=ExtResource( 6 )]
position = Vector2( 699, 43 )
width = 1

[node name="Platform75" parent="Main Node/Platforms" instance=ExtResource( 6 )]
position = Vector2( 700, 42 )
width = 1

[node name="Platform77" parent="Main Node/Platforms" instance=ExtResource( 6 )]
position = Vector2( 701, 38 )
width = 3

[node name="Platform76" parent="Main Node/Platforms" instance=ExtResource( 6 )]
position = Vector2( 699, 41 )
width = 1

[node name="Platform31" parent="Main Node/Platforms" instance=ExtResource( 6 )]
position = Vector2( 660, -16 )
width = 2
height = 2

[node name="Platform32" parent="Main Node/Platforms" instance=ExtResource( 6 )]
position = Vector2( 658, -18 )
width = 2
height = 2

[node name="Platform37" parent="Main Node/Platforms" instance=ExtResource( 6 )]
position = Vector2( 648, -28 )
width = 2
height = 2

[node name="Platform38" parent="Main Node/Platforms" instance=ExtResource( 6 )]
position = Vector2( 646, -30 )
width = 2
height = 2

[node name="Platform39" parent="Main Node/Platforms" instance=ExtResource( 6 )]
position = Vector2( 644, -32 )
width = 2
height = 2

[node name="Platform40" parent="Main Node/Platforms" instance=ExtResource( 6 )]
position = Vector2( 642, -34 )
width = 2
height = 2

[node name="Platform41" parent="Main Node/Platforms" instance=ExtResource( 6 )]
position = Vector2( 640, -36 )
width = 2
height = 2

[node name="Platform42" parent="Main Node/Platforms" instance=ExtResource( 6 )]
position = Vector2( 608, -32 )
width = 2
height = 2

[node name="Platform43" parent="Main Node/Platforms" instance=ExtResource( 6 )]
position = Vector2( 610, -34 )
width = 2
height = 2

[node name="Platform44" parent="Main Node/Platforms" instance=ExtResource( 6 )]
position = Vector2( 612, -36 )
width = 2
height = 2

[node name="Platform45" parent="Main Node/Platforms" instance=ExtResource( 6 )]
position = Vector2( 614, -38 )
width = 2
height = 2

[node name="Platform46" parent="Main Node/Platforms" instance=ExtResource( 6 )]
position = Vector2( 638, -38 )
width = 2
height = 2

[node name="Platform47" parent="Main Node/Platforms" instance=ExtResource( 6 )]
position = Vector2( 636, -40 )
width = 2
height = 2

[node name="Platform48" parent="Main Node/Platforms" instance=ExtResource( 6 )]
position = Vector2( 634, -42 )
width = 2
height = 2

[node name="Platform49" parent="Main Node/Platforms" instance=ExtResource( 6 )]
position = Vector2( 616, -40 )
width = 2
height = 2

[node name="Platform50" parent="Main Node/Platforms" instance=ExtResource( 6 )]
position = Vector2( 618, -42 )
width = 2
height = 2

[node name="Platform51" parent="Main Node/Platforms" instance=ExtResource( 6 )]
position = Vector2( 620, -44 )
width = 2
height = 2

[node name="Platform53" parent="Main Node/Platforms" instance=ExtResource( 6 )]
position = Vector2( 622, -46 )
width = 2
height = 2

[node name="Platform54" parent="Main Node/Platforms" instance=ExtResource( 6 )]
position = Vector2( 630, -46 )
width = 2
height = 2

[node name="Platform55" parent="Main Node/Platforms" instance=ExtResource( 6 )]
position = Vector2( 628, -48 )
width = 2
height = 2

[node name="Platform56" parent="Main Node/Platforms" instance=ExtResource( 6 )]
position = Vector2( 624, -48 )
width = 2
height = 2

[node name="Platform57" parent="Main Node/Platforms" instance=ExtResource( 6 )]
position = Vector2( 626, -50 )
width = 2
height = 2

[node name="Platform58" parent="Main Node/Platforms" instance=ExtResource( 6 )]
position = Vector2( 660, -14 )
width = 2
height = 2

[node name="Platform59" parent="Main Node/Platforms" instance=ExtResource( 6 )]
position = Vector2( 592, -14 )
width = 2
height = 2

[node name="Platform60" parent="Main Node/Platforms" instance=ExtResource( 6 )]
position = Vector2( 594, -16 )
width = 1
height = 4

[node name="Platform61" parent="Main Node/Platforms" instance=ExtResource( 6 )]
position = Vector2( 659, -16 )
width = 1
height = 4

[node name="Platform52" parent="Main Node/Platforms" instance=ExtResource( 6 )]
position = Vector2( 632, -44 )
width = 2
height = 2

[node name="Platform11" parent="Main Node/Platforms" instance=ExtResource( 6 )]
position = Vector2( 659, -12 )
width = 3
height = 57

[node name="Platform33" parent="Main Node/Platforms" instance=ExtResource( 6 )]
position = Vector2( 681, 39 )
width = 19

[node name="Platform34" parent="Main Node/Platforms" instance=ExtResource( 6 )]
position = Vector2( 680, 30 )
width = 1
height = 10

[node name="Platform35" parent="Main Node/Platforms" instance=ExtResource( 6 )]
position = Vector2( 700, 30 )
width = 1
height = 10

[node name="Platform10" parent="Main Node/Platforms" instance=ExtResource( 6 )]
position = Vector2( 609, 30 )
width = 50
height = 3

[node name="Platform12" parent="Main Node/Platforms" instance=ExtResource( 6 )]
position = Vector2( 606, -12 )
width = 53
height = 3

[node name="Platform13" parent="Main Node/Platforms" instance=ExtResource( 6 )]
position = Vector2( 595, 14 )
width = 52
height = 3

[node name="Platform78" parent="Main Node/Platforms" instance=ExtResource( 6 )]
position = Vector2( 595, 1 )
width = 14

[node name="Platform79" parent="Main Node/Platforms" instance=ExtResource( 6 )]
position = Vector2( 1101, 17 )
width = 15

[node name="Platform80" parent="Main Node/Platforms" instance=ExtResource( 6 )]
position = Vector2( 1052, 17 )
width = 7

[node name="Platform83" parent="Main Node/Platforms" instance=ExtResource( 6 )]
position = Vector2( 1036, 31 )
width = 13

[node name="Platform81" parent="Main Node/Platforms" instance=ExtResource( 6 )]
position = Vector2( 1077, 17 )
width = 7

[node name="Platform82" parent="Main Node/Platforms" instance=ExtResource( 6 )]
position = Vector2( 1063, 31 )
width = 13

[node name="Platform84" parent="Main Node/Platforms" instance=ExtResource( 6 )]
position = Vector2( 1087, 31 )
width = 13

[node name="Platform85" parent="Main Node/Platforms" instance=ExtResource( 6 )]
position = Vector2( 1188, 34 )
width = 18

[node name="Platform86" parent="Main Node/Platforms" instance=ExtResource( 6 )]
position = Vector2( 1213, 21 )
width = 18

[node name="Platform87" parent="Main Node/Platforms" instance=ExtResource( 6 )]
position = Vector2( 1241, 6 )
width = 18

[node name="Platform88" parent="Main Node/Platforms" instance=ExtResource( 6 )]
position = Vector2( 1241, 6 )
width = 18

[node name="Platform89" parent="Main Node/Platforms" instance=ExtResource( 6 )]
position = Vector2( 1276, 6 )
width = 89

[node name="Platform90" parent="Main Node/Platforms" instance=ExtResource( 6 )]
position = Vector2( 1366, 13 )
width = 9

[node name="Platform91" parent="Main Node/Platforms" instance=ExtResource( 6 )]
position = Vector2( 1366, 13 )
width = 9

[node name="Platform92" parent="Main Node/Platforms" instance=ExtResource( 6 )]
position = Vector2( 1378, 19 )
width = 9

[node name="Platform93" parent="Main Node/Platforms" instance=ExtResource( 6 )]
position = Vector2( 1389, 25 )
width = 9

[node name="Platform94" parent="Main Node/Platforms" instance=ExtResource( 6 )]
position = Vector2( 1389, 25 )
width = 9

[node name="Platform96" parent="Main Node/Platforms" instance=ExtResource( 6 )]
position = Vector2( 1608, 25 )
width = 190

[node name="Platform97" parent="Main Node/Platforms" instance=ExtResource( 6 )]
position = Vector2( 1608, 25 )
width = 1
height = 11

[node name="Platform98" parent="Main Node/Platforms" instance=ExtResource( 6 )]
position = Vector2( 1601, 35 )
width = 7

[node name="Platform95" parent="Main Node/Platforms" instance=ExtResource( 6 )]
position = Vector2( 1400, 31 )
width = 9

[node name="Platform99" parent="Main Node/Platforms" instance=ExtResource( 6 )]
position = Vector2( 2357, 15 )
width = 15

[node name="Platform102" parent="Main Node/Platforms" instance=ExtResource( 6 )]
position = Vector2( 2337, 15 )
width = 13

[node name="Platform104" parent="Main Node/Platforms" instance=ExtResource( 6 )]
position = Vector2( 2339, 40 )
width = 13

[node name="Platform103" parent="Main Node/Platforms" instance=ExtResource( 6 )]
position = Vector2( 2319, 29 )
width = 13

[node name="Cacti" type="YSort" parent="Main Node"]
__meta__ = {
"_edit_lock_": true
}

[node name="CactusSmall1" parent="Main Node/Cacti" instance=ExtResource( 5 )]
position = Vector2( 49, 40 )

[node name="CactusSmall2" parent="Main Node/Cacti" instance=ExtResource( 8 )]
position = Vector2( 71, 40 )

[node name="CactusSmall6" parent="Main Node/Cacti" instance=ExtResource( 9 )]
position = Vector2( 212, 36 )

[node name="CactusSmall5" parent="Main Node/Cacti/CactusSmall6" instance=ExtResource( 3 )]
position = Vector2( 66, 0 )

[node name="CactusSmall3" parent="Main Node/Cacti" instance=ExtResource( 8 )]
position = Vector2( 763, 40 )

[node name="CactusSmall4" parent="Main Node/Cacti" instance=ExtResource( 10 )]
position = Vector2( 808, 16 )

[node name="CactusSmall5" parent="Main Node/Cacti" instance=ExtResource( 13 )]
position = Vector2( 243, 36 )

[node name="CactusSmall7" parent="Main Node/Cacti" instance=ExtResource( 8 )]
position = Vector2( 999, 40 )

[node name="CactusSmall8" parent="Main Node/Cacti" instance=ExtResource( 13 )]
position = Vector2( 1159, 36 )

[node name="CactusSmall9" parent="Main Node/Cacti" instance=ExtResource( 3 )]
position = Vector2( 1368, 36 )

[node name="CactusSmall10" parent="Main Node/Cacti" instance=ExtResource( 9 )]
position = Vector2( 1437, 36 )

[node name="CactusSmall11" parent="Main Node/Cacti" instance=ExtResource( 9 )]
position = Vector2( 1515, 36 )

[node name="CactusSmall12" parent="Main Node/Cacti" instance=ExtResource( 5 )]
position = Vector2( 1614, 40 )

[node name="CactusBig" parent="Main Node/Cacti" instance=ExtResource( 20 )]
position = Vector2( 1974, -2 )

[node name="CactusSmall13" parent="Main Node/Cacti" instance=ExtResource( 8 )]
position = Vector2( 1920, 40 )

[node name="CactusSmall14" parent="Main Node/Cacti" instance=ExtResource( 9 )]
position = Vector2( 1866, 36 )

[node name="CactusSmall15" parent="Main Node/Cacti" instance=ExtResource( 10 )]
position = Vector2( 2019, 2 )

[node name="CactusSmall16" parent="Main Node/Cacti" instance=ExtResource( 13 )]
position = Vector2( 2154, 37 )

[node name="CactusSmall17" parent="Main Node/Cacti" instance=ExtResource( 13 )]
position = Vector2( 2268, 37 )

[node name="CactusSmall18" parent="Main Node/Cacti" instance=ExtResource( 8 )]
position = Vector2( 2406, 40 )

[node name="CactusSmall19" parent="Main Node/Cacti" instance=ExtResource( 13 )]
position = Vector2( 2440, 36 )

[node name="CactusSmall20" parent="Main Node/Cacti" instance=ExtResource( 3 )]
position = Vector2( 2474, 36 )

[node name="Bosses" type="YSort" parent="Main Node"]

[node name="FireBoss" parent="Main Node/Bosses" instance=ExtResource( 16 )]
position = Vector2( 1103, 10 )

[node name="GunBoss" parent="Main Node/Bosses" instance=ExtResource( 17 )]
position = Vector2( 1791, 18 )

[node name="Path2D" parent="Main Node/Bosses/GunBoss" index="0"]
curve = SubResource( 2 )

[node name="PathFollow2D" parent="Main Node/Bosses/GunBoss/Path2D" index="0"]
position = Vector2( 2, 0 )

[node name="DynamiteBoss" parent="Main Node/Bosses" instance=ExtResource( 22 )]
position = Vector2( 2358, 8 )

[node name="Enemies" type="YSort" parent="Main Node"]

[node name="Enemy" parent="Main Node/Enemies" instance=ExtResource( 12 )]
position = Vector2( 173, 33 )

[node name="Path2D" parent="Main Node/Enemies/Enemy" index="0"]
curve = SubResource( 3 )

[node name="AnimatedSprite" parent="Main Node/Enemies/Enemy/Path2D/PathFollow2D/EnemyNode/KinematicNode" index="0"]
frame = 0

[node name="Enemy2" parent="Main Node/Enemies" instance=ExtResource( 12 )]
position = Vector2( 535, 40 )

[node name="Path2D" parent="Main Node/Enemies/Enemy2" index="0"]
curve = SubResource( 4 )

[node name="AnimatedSprite" parent="Main Node/Enemies/Enemy2/Path2D/PathFollow2D/EnemyNode/KinematicNode" index="0"]
frame = 0

[node name="Enemy3" parent="Main Node/Enemies" instance=ExtResource( 12 )]
position = Vector2( 552, 40 )

[node name="Path2D" parent="Main Node/Enemies/Enemy3" index="0"]
curve = SubResource( 5 )

[node name="PathFollow2D" parent="Main Node/Enemies/Enemy3/Path2D" index="0"]
position = Vector2( -1, 0 )

[node name="Enemy4" parent="Main Node/Enemies" instance=ExtResource( 12 )]
position = Vector2( 655, 25 )

[node name="Path2D" parent="Main Node/Enemies/Enemy4" index="0"]
curve = SubResource( 6 )

[node name="AnimatedSprite" parent="Main Node/Enemies/Enemy4/Path2D/PathFollow2D/EnemyNode/KinematicNode" index="0"]
frame = 0

[node name="Enemy5" parent="Main Node/Enemies" instance=ExtResource( 12 )]
position = Vector2( 645, -17 )

[node name="Path2D" parent="Main Node/Enemies/Enemy5" index="0"]
curve = SubResource( 7 )

[node name="AnimatedSprite" parent="Main Node/Enemies/Enemy5/Path2D/PathFollow2D/EnemyNode/KinematicNode" index="0"]
frame = 0

[node name="Enemy6" parent="Main Node/Enemies" instance=ExtResource( 12 )]
position = Vector2( 1351, 1 )

[node name="Path2D" parent="Main Node/Enemies/Enemy6" index="0"]
curve = SubResource( 8 )

[node name="Enemy7" parent="Main Node/Enemies" instance=ExtResource( 12 )]
position = Vector2( 1509, 40 )

[node name="Path2D" parent="Main Node/Enemies/Enemy7" index="0"]
curve = SubResource( 9 )

[node name="Enemy8" parent="Main Node/Enemies" instance=ExtResource( 12 )]
position = Vector2( 2005, -52 )

[node name="Path2D" parent="Main Node/Enemies/Enemy8" index="0"]
curve = SubResource( 10 )

[node name="Enemy9" parent="Main Node/Enemies" instance=ExtResource( 12 )]
position = Vector2( 2255, 40 )

[node name="Path2D" parent="Main Node/Enemies/Enemy9" index="0"]
curve = SubResource( 11 )

[node name="Enemy10" parent="Main Node/Enemies" instance=ExtResource( 12 )]
position = Vector2( 2207, 40 )

[node name="Path2D" parent="Main Node/Enemies/Enemy10" index="0"]
curve = SubResource( 12 )

[node name="AnimatedSprite" parent="Main Node/Enemies/Enemy10/Path2D/PathFollow2D/EnemyNode/KinematicNode" index="0"]
frame = 0

[node name="Spikes" type="YSort" parent="Main Node"]

[node name="SpikeSmall" parent="Main Node/Spikes" instance=ExtResource( 15 )]
position = Vector2( 127, 43 )
SpikeNumber = 14

[node name="Spike" parent="Main Node/Spikes" instance=ExtResource( 14 )]
position = Vector2( 348, 39 )
SpikeNumber = 16

[node name="SpikeSmall2" parent="Main Node/Spikes" instance=ExtResource( 15 )]
position = Vector2( 886, 40 )
rotation = 3.14159
SpikeNumber = 14

[node name="SpikeSmall3" parent="Main Node/Spikes" instance=ExtResource( 15 )]
position = Vector2( 843, 34 )
SpikeNumber = 11

[node name="SpikeSmall4" parent="Main Node/Spikes" instance=ExtResource( 15 )]
position = Vector2( 614, 12 )

[node name="SpikeSmall5" parent="Main Node/Spikes" instance=ExtResource( 15 )]
position = Vector2( 630, 12 )

[node name="Spike2" parent="Main Node/Spikes" instance=ExtResource( 14 )]
position = Vector2( 934, 40 )

[node name="Spike3" parent="Main Node/Spikes" instance=ExtResource( 14 )]
position = Vector2( 959, 40 )

[node name="Spike4" parent="Main Node/Spikes" instance=ExtResource( 14 )]
position = Vector2( 909, 40 )

[node name="SpikeSmall6" parent="Main Node/Spikes" instance=ExtResource( 15 )]
position = Vector2( 1182, 43 )
SpikeNumber = 37

[node name="Spike5" parent="Main Node/Spikes" instance=ExtResource( 14 )]
position = Vector2( 1582, 36 )
rotation = 3.14159
SpikeNumber = 6

[node name="Spike6" parent="Main Node/Spikes" instance=ExtResource( 14 )]
position = Vector2( 1540, 23 )
SpikeNumber = 6

[node name="SpikeSmall7" parent="Main Node/Spikes" instance=ExtResource( 15 )]
position = Vector2( 1658, 43 )

[node name="SpikeSmall8" parent="Main Node/Spikes" instance=ExtResource( 15 )]
position = Vector2( 1726, 43 )

[node name="Spike7" parent="Main Node/Spikes" instance=ExtResource( 14 )]
position = Vector2( 2052, -39 )

[node name="Spike8" parent="Main Node/Spikes" instance=ExtResource( 14 )]
position = Vector2( 1993, 39 )
SpikeNumber = 15

[node name="Buttons" type="YSort" parent="Main Node"]

[node name="Button" parent="Main Node/Buttons" instance=ExtResource( 18 )]
position = Vector2( 274, 7 )

[node name="Button3" parent="Main Node/Buttons" instance=ExtResource( 18 )]
position = Vector2( 833, 33 )

[node name="Button4" parent="Main Node/Buttons" instance=ExtResource( 18 )]
position = Vector2( 580, 42 )

[node name="Button2" parent="Main Node/Buttons" instance=ExtResource( 18 )]
position = Vector2( 1110, 14 )

[node name="Button5" parent="Main Node/Buttons" instance=ExtResource( 18 )]
position = Vector2( 1334, 42 )

[node name="Button6" parent="Main Node/Buttons" instance=ExtResource( 18 )]
position = Vector2( 1954, 42 )

[node name="Button7" parent="Main Node/Buttons" instance=ExtResource( 18 )]
position = Vector2( 2366, 12 )

[node name="WhitePlatforms" type="YSort" parent="Main Node"]
script = ExtResource( 7 )

[node name="Platform" parent="Main Node/WhitePlatforms" instance=ExtResource( 6 )]
position = Vector2( 357, 29 )
width = 14

[node name="Platform2" parent="Main Node/WhitePlatforms" instance=ExtResource( 6 )]
position = Vector2( 380, 24 )
width = 14

[node name="Platform3" parent="Main Node/WhitePlatforms" instance=ExtResource( 6 )]
position = Vector2( 400, 32 )
width = 14

[node name="Platform4" parent="Main Node/WhitePlatforms" instance=ExtResource( 6 )]
position = Vector2( 425, 26 )
width = 14

[node name="Platform5" parent="Main Node/WhitePlatforms" instance=ExtResource( 6 )]
position = Vector2( 444, 36 )
width = 14

[node name="Platform6" parent="Main Node/WhitePlatforms" instance=ExtResource( 6 )]
position = Vector2( 593, 33 )
width = 1
height = 12

[node name="Platform9" parent="Main Node/WhitePlatforms" instance=ExtResource( 6 )]
position = Vector2( 595, 31 )
width = 14

[node name="Platform7" parent="Main Node/WhitePlatforms" instance=ExtResource( 6 )]
position = Vector2( 846, 25 )
width = 36

[node name="Platform8" parent="Main Node/WhitePlatforms" instance=ExtResource( 6 )]
position = Vector2( 1116, -35 )
width = 2
height = 82

[node name="Platform10" parent="Main Node/WhitePlatforms" instance=ExtResource( 6 )]
position = Vector2( 1435, 31 )

[node name="Platform11" parent="Main Node/WhitePlatforms" instance=ExtResource( 6 )]
position = Vector2( 1446, 19 )

[node name="Platform16" parent="Main Node/WhitePlatforms" instance=ExtResource( 6 )]
position = Vector2( 1445, 19 )
width = 1
height = 13

[node name="Platform17" parent="Main Node/WhitePlatforms" instance=ExtResource( 6 )]
position = Vector2( 1456, 7 )
width = 1
height = 13

[node name="Platform18" parent="Main Node/WhitePlatforms" instance=ExtResource( 6 )]
position = Vector2( 1467, -5 )
width = 1
height = 13

[node name="Platform19" parent="Main Node/WhitePlatforms" instance=ExtResource( 6 )]
position = Vector2( 1478, -17 )
width = 1
height = 13

[node name="Platform20" parent="Main Node/WhitePlatforms" instance=ExtResource( 6 )]
position = Vector2( 1509, -67 )
width = 1
height = 50

[node name="Platform12" parent="Main Node/WhitePlatforms" instance=ExtResource( 6 )]
position = Vector2( 1457, 7 )

[node name="Platform13" parent="Main Node/WhitePlatforms" instance=ExtResource( 6 )]
position = Vector2( 1468, -5 )

[node name="Platform14" parent="Main Node/WhitePlatforms" instance=ExtResource( 6 )]
position = Vector2( 1479, -17 )

[node name="Platform15" parent="Main Node/WhitePlatforms" instance=ExtResource( 6 )]
position = Vector2( 1489, -17 )
width = 21

[node name="Platform21" parent="Main Node/WhitePlatforms" instance=ExtResource( 6 )]
position = Vector2( 1916, 38 )

[node name="Platform22" parent="Main Node/WhitePlatforms" instance=ExtResource( 6 )]
position = Vector2( 1902, 25 )

[node name="Platform23" parent="Main Node/WhitePlatforms" instance=ExtResource( 6 )]
position = Vector2( 1923, 13 )

[node name="Platform24" parent="Main Node/WhitePlatforms" instance=ExtResource( 6 )]
position = Vector2( 1902, -1 )

[node name="Platform25" parent="Main Node/WhitePlatforms" instance=ExtResource( 6 )]
position = Vector2( 1923, -17 )

[node name="Platform26" parent="Main Node/WhitePlatforms" instance=ExtResource( 6 )]
position = Vector2( 1899, -33 )

[node name="Platform27" parent="Main Node/WhitePlatforms" instance=ExtResource( 6 )]
position = Vector2( 1925, -47 )

[node name="Platform29" parent="Main Node/WhitePlatforms" instance=ExtResource( 6 )]
position = Vector2( 2015, -33 )

[node name="Platform30" parent="Main Node/WhitePlatforms" instance=ExtResource( 6 )]
position = Vector2( 2050, -33 )
width = 11

[node name="Platform31" parent="Main Node/WhitePlatforms" instance=ExtResource( 6 )]
position = Vector2( 2035, -15 )

[node name="Platform32" parent="Main Node/WhitePlatforms" instance=ExtResource( 6 )]
position = Vector2( 2057, -2 )

[node name="Platform33" parent="Main Node/WhitePlatforms" instance=ExtResource( 6 )]
position = Vector2( 2017, 11 )

[node name="Platform34" parent="Main Node/WhitePlatforms" instance=ExtResource( 6 )]
position = Vector2( 2079, 9 )

[node name="Platform35" parent="Main Node/WhitePlatforms" instance=ExtResource( 6 )]
position = Vector2( 2096, 20 )

[node name="Platform36" parent="Main Node/WhitePlatforms" instance=ExtResource( 6 )]
position = Vector2( 2112, 31 )

[node name="Platform28" parent="Main Node/WhitePlatforms" instance=ExtResource( 6 )]
position = Vector2( 1947, -47 )
width = 62

[node name="Platform37" parent="Main Node/WhitePlatforms" instance=ExtResource( 6 )]
position = Vector2( 2372, -37 )
width = 2
height = 82

[node name="HpHats" type="YSort" parent="Main Node"]

[node name="HpHat" parent="Main Node/HpHats" instance=ExtResource( 19 )]
position = Vector2( 103, 43 )

[node name="HpHat2" parent="Main Node/HpHats" instance=ExtResource( 19 )]
position = Vector2( 763, 38 )

[node name="HpHat3" parent="Main Node/HpHats" instance=ExtResource( 19 )]
position = Vector2( 804, 23 )

[node name="HpHat4" parent="Main Node/HpHats" instance=ExtResource( 19 )]
position = Vector2( 1106, 43 )

[node name="HpHat5" parent="Main Node/HpHats" instance=ExtResource( 19 )]
position = Vector2( 1360, 4 )

[node name="HpHat6" parent="Main Node/HpHats" instance=ExtResource( 19 )]
position = Vector2( 1494, -19 )

[node name="HpHat7" parent="Main Node/HpHats" instance=ExtResource( 19 )]
position = Vector2( 1504, -19 )

[node name="HpHat8" parent="Main Node/HpHats" instance=ExtResource( 19 )]
position = Vector2( 1627, 43 )

[node name="HpHat9" parent="Main Node/HpHats" instance=ExtResource( 19 )]
position = Vector2( 1694, 43 )

[node name="HpHat10" parent="Main Node/HpHats" instance=ExtResource( 19 )]
position = Vector2( 1761, 43 )

[node name="HpHat11" parent="Main Node/HpHats" instance=ExtResource( 19 )]
position = Vector2( 2325, 27 )

[node name="Area2D" type="Area2D" parent="Main Node"]
position = Vector2( 2516, 36.5 )

[node name="CollisionShape2D" type="CollisionShape2D" parent="Main Node/Area2D"]
position = Vector2( 15, -12.5 )
shape = SubResource( 13 )

[node name="bank" type="Sprite" parent="."]
position = Vector2( 2539, 32.5 )
texture = ExtResource( 21 )
[connection signal="body_entered" from="Main Node/Area2D" to="Main Node" method="player_entered"]

[editable path="Main Node/Bosses/GunBoss"]

[editable path="Main Node/Enemies/Enemy"]

[editable path="Main Node/Enemies/Enemy2"]

[editable path="Main Node/Enemies/Enemy3"]

[editable path="Main Node/Enemies/Enemy4"]

[editable path="Main Node/Enemies/Enemy5"]

[editable path="Main Node/Enemies/Enemy6"]

[editable path="Main Node/Enemies/Enemy7"]

[editable path="Main Node/Enemies/Enemy8"]

[editable path="Main Node/Enemies/Enemy9"]

[editable path="Main Node/Enemies/Enemy10"]
